@inproceedings{YoshidaOF15,
  author    = {Hiroyuki Yoshida and
               Kazuhiro Ogata and
               Kokichi Futatsugi},
  title     = {Formalization and Verification of Declarative Cloud Orchestration},
  booktitle = {Formal Methods and Software Engineering - 17th International Conference
               on Formal Engineering Methods, {ICFEM} 2015, Paris, France, November
               3-5, 2015, Proceedings},
  pages     = {33--49},
  year      = {2015},
  series    = {LNCS 9407},
  publisher = {Springer},
  url       = {\url{http://dx.doi.org/10.1007/978-3-319-25423-4_3}},
  doi       = {10.1007/978-3-319-25423-4_3},
  timestamp = {Tue, 01 Dec 2015 20:54:40 +0100},
  biburl    = {\url{http://dblp.uni-trier.de/rec/bib/conf/icfem/YoshidaOF15}},
  bibsource = {dblp computer science bibliography, http://dblp.org}
}

@misc{ChaosMonkey,
  author    = {Netflix},
  title     = {{Chaos Monkey}},
  note      = {\url{https://github.com/Netflix/SimianArmy/wiki/Chaos-Monkey}, Accessed: 2016-12-31}
}

@misc{CloudFormation,
  author    = {{Amazon Web Services}},
  title     = {{AWS CloudFormation - Infrastructure as Code \& AWS Resource Provisioning}},
  note      = {\url{http://aws.amazon.com/cloudformation/}, Accessed: 2016-06-10}
}

@misc{Heat,
  author    = {{The OpenStack project}},
  title     = {{Heat - OpenStack}},
  note      = {\url{https://wiki.openstack.org/wiki/Heat}, Accessed: 2016-06-10}
}

@misc{Puppet,
  author    = {{Puppet}},
  title     = {{Puppet - The shortest path to better software}},
  note      = {\url{https://puppet.com/}, Accessed: 2016-06-10}
}

@misc{Chef,
  author    = {{Chef Software Inc.}},
  title     = {{Chef \textbar IT Automation for speed and awesomeness}},
  note      = {\url{https://www.chef.io/chef/}, Accessed: 2016-06-10}
}

@misc{Ansible,
  author    = {{Red Hat Inc.}},
  title     = {{Ansible is Simple IT Automation}},
  note      = {\url{http://www.ansible.com/}, Accessed: 2016-06-10}
}

@misc{TOSCA,
  author    = {{OASIS}},
  title     = {{TOSCA - Topology and Orchestration Specification for Cloud Applications Version 1.0}},
  note      = {\url{http://docs.oasis-open.org/tosca/TOSCA/v1.0/os/TOSCA-v1.0-os.pdf}, Accessed: 2016-06-10}
}

@misc{TOSCAYAML,
  author    = {{OASIS}},
  title     = {{TOSCA Simple Profile in YAML Version 1.0}},
  note      = {\url{http://docs.oasis-open.org/tosca/TOSCA-Simple-Profile-YAML/v1.0/cs01/TOSCA-Simple-Profile-YAML-v1.0-cs01.pdf}, Accessed: 2016-06-15}
}
                  
@misc{BPMN,
  author    = {{Object Management Group}},
  title     = {{Business Process Model \& Notation - Resource Page}},
  note      = {\url{http://www.omg.org/bpmn/index.htm}, Accessed: 2016-11-13}
}

@misc{RoR,
  author    = {David Heinemeier Hansson},
  title     = {{Ruby On Rails}},
  note      = {\url{http://rubyonrails.org/}, Accessed: 2016-06-09}
}

@misc{Ruby,
  author    = {Yukihiro Matsumoto},
  title     = {{Ruby Programming Language}},
  note      = {\url{https://www.ruby-lang.org/}, Accessed: 2016-11-05}
}

@misc{Python,
  author    = {Guido van Rossum},
  title     = {{Python Software Foundation}},
  note      = {\url{https://www.python.org/}, Accessed: 2016-11-05}
}

@incollection{FutatsugiGO12pps,
  author    = {Kokichi Futatsugi and
               Daniel G\u{a}in\u{a} and
               Kazuhiro Ogata},
  title     = {Principles of proof scores in {CafeOBJ}},
  booktitle = {Theoretical Computer Science},
  volume    = {464},
  year      = {2012},
  pages     = {90-112},
  publisher = {Elsevier},
  ee        = {\url{http://dx.doi.org/10.1016/j.tcs.2012.07.041}},
  bibsource = {DBLP, \url{http://dblp.uni-trier.de}}
}

@misc{cafeobj,
  author    = {{CafeOBJ}},
  title     = {{CafeOBJ – Algebraic Specification and Verification}},
  note      = {\url{https://cafeobj.org/}, Accessed: 2016-06-10}
}

@Misc{OBJ,
  author    = {Joseph Goguen},
  title     = {{OBJ Family/ OBJ3 CafeOBJ Maude Kumo FOOPS Eqlog}},
  note      = {\url{http://cseweb.ucsd.edu/~goguen/sys/obj.html}, Accessed: 2016-06-10}
}

@misc{OBJ3,
  author    = {KindSoftware},
  title     = {OBJ3 Summary},
  note      = {\url{http://www.kindsoftware.com/products/opensource/OBJ3/}, Accessed: 2016-06-10}
}

@misc{Maude14,
  author    = {Maude},
  title     = {The Maude System},
  note      = {\url{http://maude.cs.uiuc.edu/}, Accessed: 2016-06-10}
}
                  
@incollection{Futatsugi15,
  author    = {Kokichi Futatsugi},
  title     = {Generate \& Check Method for Verifying Transition Systems in CafeOBJ},
  booktitle = {Software, Services, and Systems},
  year      = {2015},
  pages     = {171-192},
  series    = {LNCS 8950},
  publisher = {Springer},
  ee        = {\url{http://dx.doi.org/10.1007/978-3-319-15545-6_13}}
}

@inproceedings{EtcheversCBP11,
  author    = {Xavier Etchevers and 
               Thierry Coupaye and 
               Fabienne Boyer and 
               Noel De Palma},
  title     = {Self-Configuration of Distributed Applications in the Cloud},
  booktitle = {2013 IEEE Sixth International Conference on Cloud Computing},
  year      = {2011},
  pages     = {668-675},
  ee        = {\url{http://doi.ieeecomputersociety.org/10.1109/CLOUD.2011.65}}
}

@article{SalaunBCPEG13,
  author    = {Gwen Sala{\"u}n and
               Fabienne Boyer and
               Thierry Coupaye and
               Noel De Palma and
               Xavier Etchevers and
               Olivier Gruber},
  title     = {An experience report on the verification of autonomic protocols
               in the cloud},
  journal   = {Innovations in Systems and Software Engineering},
  volume    = {9},
  number    = {2},
  year      = {2013},
  pages     = {105-117},
  publisher = {Springer},
  ee        = {\url{http://dx.doi.org/10.1007/s11334-013-0204-0}},
  bibsource = {DBLP, \url{http://dblp.uni-trier.de}}
}

@incollection{SalaunEPBC13,
  author    = {Gwen Sala{\"u}n and
               Xavier Etchevers and 
               Noel De Palma and 
               Fabienne Boyer and 
               Thierry Coupaye},
  title     = {Verification of a Self-configuration Protocol for Distributed Applications in the Cloud},
  booktitle = {Assurances for Self-Adaptive Systems},
  year      = {2013},
  pages     = {60-79},
  series    = {LNCS 7740},
  publisher = {Springer},
  ee        = {\url{http://dx.doi.org/10.1007/978-3-642-36249-1_3}}
}

@misc{JSON,
  author    = {{Internet Engineering Task Force (IETF)}},
  title     = {{The JavaScript Object Notation (JSON) Data Interchange Format}},
  note      = {\url{https://tools.ietf.org/html/rfc7159}, Accessed: 2016-03-26}
}
                  
@misc{YAML,
  author    = {{Clark Evans, Brian Ingerson, Oren Ben-Kiki}},
  title     = {{YAML Ain’t Markup Language (YAML) Version 1.2}},
  note      = {\url{http://www.yaml.org/spec/1.2/spec.html}, Accessed: 2016-11-05}
}
                  
@article{clarke1994model,
  title     = {Model checking and abstraction},
  author    = {Clarke, Edmund M and Grumberg, Orna and Long, David E},
  journal   = {ACM transactions on Programming Languages and Systems (TOPLAS)},
  volume    = {16},
  number    = {5},
  pages     = {1512--1542},
  year      = {1994},
  publisher = {ACM}
}

@book{DBLP:books/daglib/0067338,
  author    = {K. Mani Chandy and
               Jayadev Misra},
  title     = {Parallel program design - a foundation},
  publisher = {Addison-Wesley},
  year      = {1989},
  isbn      = {978-0-201-05866-6},
  timestamp = {Thu, 05 May 2011 16:48:10 +0200},
  biburl    = {http://dblp.uni-trier.de/rec/bib/books/daglib/0067338},
  bibsource = {dblp computer science bibliography, http://dblp.org}
}


@article{Alkassar:JAR-42-2-38,
  author = {Alkassar, E. and Hillebrand, M. A. and Leinenbach, D. C. and
                  Schirmer, N. W. and Starostin, A. and Tsyban, A.},
  title = {Balancing the Load: Leveraging Semantics Stack for Systems
                   Verification},
  journal = {Journal of Automated Reasoning: Special Issue on
                  Operating Systems Verification},
  volume = {42},
  number = {2-4},
  year = {2009},
  pages = {389-454},
  publisher = {Springer},
  editor = {Klein, Gerwin and Huuck, Ralf and Schlich, Bastian},
  ee = {http://dx.doi.org/10.1007/s10817-009-9123-z},
}

@misc{Verisoft,
  author    = {{German Federal Ministry of Education and Research (BMBF)}},
  title     = {{The Verisoft Project}},
  note      = {\url{http://www.verisoft.de}, Accessed: 2017-01-02}
}

@inproceedings{KleinEHACDEEKNSTW09,
  author    = {Gerwin Klein and
               Kevin Elphinstone and
               Gernot Heiser and
               June Andronick and
               David Cock and
               Philip Derrin and
               Dhammika Elkaduwe and
               Kai Engelhardt and
               Rafal Kolanski and
               Michael Norrish and
               Thomas Sewell and
               Harvey Tuch and
               Simon Winwood},
  title     = {seL4: formal verification of an {OS} kernel},
  booktitle = {Proceedings of the 22nd {ACM} Symposium on Operating Systems Principles
               2009, {SOSP} 2009, Big Sky, Montana, USA, October 11-14, 2009},
  pages     = {207--220},
  year      = {2009},
  url       = {http://doi.acm.org/10.1145/1629575.1629596},
  doi       = {10.1145/1629575.1629596},
  timestamp = {Mon, 22 Jun 2015 17:24:48 +0200},
  biburl    = {http://dblp.uni-trier.de/rec/bib/conf/sosp/KleinEHACDEEKNSTW09},
  bibsource = {dblp computer science bibliography, http://dblp.org}
}

@inproceedings{MageeKG99,
  author    = {Jeff Magee and
               Jeff Kramer and
               Dimitra Giannakopoulou},
  title     = {Behaviour Analysis of Software Architectures},
  booktitle = {Software Architecture, {TC2} First Working {IFIP} Conference on Software
               Architecture (WICSA1), 22-24 February 1999, San Antonio, Texas, {USA}},
  pages     = {35--50},
  year      = {1999},
  timestamp = {Wed, 16 Oct 2002 13:28:43 +0200},
  biburl    = {http://dblp.uni-trier.de/rec/bib/conf/wicsa/MageeKG99},
  bibsource = {dblp computer science bibliography, http://dblp.org}
}

@inproceedings{SilvaB09,
  author    = {Renato Silva and
               Michael J. Butler},
  title     = {Supporting Reuse of Event-B Developments through Generic Instantiation},
  booktitle = {Formal Methods and Software Engineering, 11th International Conference
               on Formal Engineering Methods, {ICFEM} 2009, Rio de Janeiro, Brazil,
               December 9-12, 2009. Proceedings},
  pages     = {466--484},
  year      = {2009},
  url       = {http://dx.doi.org/10.1007/978-3-642-10373-5_24},
  doi       = {10.1007/978-3-642-10373-5_24},
  timestamp = {Tue, 14 Jun 2016 17:22:51 +0200},
  biburl    = {http://dblp.uni-trier.de/rec/bib/conf/icfem/SilvaB09},
  bibsource = {dblp computer science bibliography, http://dblp.org}
}

@inproceedings{TikhonovaMBAV13,
  author    = {Ulyana Tikhonova and
               Maarten Manders and
               Mark van den Brand and
               Suzana Andova and
               Tom Verhoeff},
  title     = {Applying Model Transformation and Event-B for Specifying an Industrial
               {DSL}},
  booktitle = {Proceedings of the 10th International Workshop on Model Driven Engineering,
               Verification and Validation MoDeVVa 2013, co-located with 16th International
               Conference on Model Driven Engineering Languages and Systems (MoDELS
               2013), Miami, Florida, October 1st, 2013.},
  pages     = {41--50},
  year      = {2013},
  url       = {http://ceur-ws.org/Vol-1069/07-paper.pdf},
  timestamp = {Mon, 30 May 2016 16:28:38 +0200},
  biburl    = {http://dblp.uni-trier.de/rec/bib/conf/models/TikhonovaMBAV13},
  bibsource = {dblp computer science bibliography, http://dblp.org}
}

@inproceedings{VassevHQ09,
  author    = {Emil Vassev and
               Mike Hinchey and
               Aaron J. Quigley},
  title     = {Model Checking for Autonomic Systems Specified with {ASSL}},
  booktitle = {First {NASA} Formal Methods Symposium - {NFM} 2009, Moffett Field,
               California, USA, April 6-8, 2009.},
  pages     = {16--25},
  year      = {2009},
  timestamp = {Tue, 17 Jul 2012 14:23:04 +0200},
  biburl    = {http://dblp.uni-trier.de/rec/bib/conf/nfm/VassevHQ09},
  bibsource = {dblp computer science bibliography, http://dblp.org}
}

@inproceedings{CornejoGMP01,
  author    = {Manuel Aguilar Cornejo and
               Hubert Garavel and
               Radu Mateescu and
               Noel De Palma},
  title     = {Specification and Verification of a Dynamic Reconfiguration Protocol
               for Agent-Based Applications},
  booktitle = {New Developments in Distributed Applications and Interoperable Systems,
               {IFIP} {TC6} / {WG6.1} Third International Working Conference on Distributed
               Applications and Interoperable Systems, September 17-19, 2001, Krak{\'{o}}w,
               Poland},
  pages     = {229--242},
  year      = {2001},
  url       = {http://dx.doi.org/10.1007/0-306-47005-5_20},
  doi       = {10.1007/0-306-47005-5_20},
  timestamp = {Wed, 16 Jul 2014 12:43:29 +0200},
  biburl    = {http://dblp.uni-trier.de/rec/bib/conf/dais/CornejoGMP01},
  bibsource = {dblp computer science bibliography, http://dblp.org}
}

@misc{Reinhold16,
  author    = {Emily Reinhold},
  title     = {REWRITING UBER ENGINEERING: THE OPPORTUNITIES MICROSERVICES PROVIDE},
  year      = {2016},
  note      = {\url{https://eng.uber.com/building-tincup/}, Accessed: 2016-04-20}
}

@inproceedings{song2010towards,
  title={Towards automated verification of autonomous networks: A case study in self-configuration},
  author={JaeSeung Song, Tiejun Ma, Peter Pietzuch},
  booktitle={Pervasive Computing and Communications Workshops (PERCOM Workshops), 2010 8th IEEE International Conference on},
  pages={582--587},
  year={2010},
  organization={IEEE}
}